@online{DeutscherMuseumsbundGeschichte,
	author	= {Deutscher Museumsbund},
	title		= {{Geschichte \& Definition}},
	month		= {October},
	year		= {2014},
	howpublished = {\url{http://www.museumsbund.de/de/das_museum/geschichte_definition/ursprung_des_museums}}
}

@online{ThueringerMuseumsverbandOrte,
	author	= {Th\"uringer Museumsverband},
	title		= {{Liste der Museen in Th\"uringen}},
	month		= {August},
	year		= {2014},
	howpublished = {\url{http://www.museumsverband-thueringen.de/museumsverband/museen/orte.html}}
}
 
%-----------------------------------------------------------------------------

@article{DioramaDaguerre,
    author    = {Derek R. Wood},
    title     = {{The Diorama in Great Britain in the 1820s}},
    journal   = {History of Photography},
    volume    = {17},
    number    = {3},
    year      = {1993},
    pages     = {284-295}
}

@misc{DioramaSchneider,
		author		= {Helga Schneider},
		title			= {{Das Herbarium als Illusionsspiel - Eine zeitgen\"ossische Untersuchung zum Einsatz der historischen Dioramen}},
		month			= {July},
		year			= {2014}
}

%-----------------------------------------------------------------------------

@book{MuseumsHistoryMcLean,
  author			= {Kathleen McLean},
	title				= {{Planning for people in museum exhibitions}},
	edition			= {4th},
  year				=	{1993},
	pages				= {ix},
  note				= {\url{http://books.google.de/books?id=mpHuAAAAMAAJ}},
  publisher		=	{Association of Science-Technology Centers},
	isbn				= {944040-32-2}
}

@online{MuseumsHistoryWitcomb,
	author			= {Andrea Witcomb},
	title				= {{Interactivity: Thinking Beyond}},
	month				= {September},
	year				= {2008},
	howpublished = {\url{http://www.blackwellreference.com/subscriber/tocnode?id=g9781405108393_chunk_g9781405108398327}},
	publisher		= {Macdonald, Sharon (ed). Blackwell}	
}

@inproceedings{RHINO,
    author    = {Wolfram Burgard and Armin B. Cremers and Dieter Fox and Dirk H\"{a}hnel and Gerhard Lakemeyer and Dirk Schulz and Walter Steiner and Sebastian Thrun},
    title     = {{The Interactive Museum Tour-Guide Robot}},
    booktitle = {Proceedings of the Fifteenth National Conference on Artificial Intelligence (AAAI-98)},
    year      = {1998}
}

@inproceedings{Hunt1,
    author    = {Luigina Ciolfo and Liam J. Bannon},
    title     = {{Designing Interactive Museum Exhibits: Enhancing visitor curiosity through augmented artifacts}},
    booktitle = {Proceedings of the Eleventh European Conference on Cognitive Ergonomics (ECCE11)},
    month     = {September},
    year      = {2002}
}

@inproceedings{Hunt2,
    author    = {Kieran Ferris and Liam Bannon and Luigia Ciolfi and Paul Gallagher and Tony Hall and Marilyn Lennon},
    title     = {{Shaping Experiences in the Hunt Museum: A Design Study}},
    booktitle = {Proceedings of the 5th conference on Designing interactive systems: processes, practices, methods, and techniques (DIS '04)},
		pages			= {205-214},
		month			= {August},
    year      = {2004},
    isbn      = {1-58113-787-7},
		publisher	= {ACM}
}

@inproceedings{MedienWelten,
    author    = {Eva Hornecker and Matthias Stifter},
    title     = {{Learning from interactive museum installations about interaction design for public settings}},
    booktitle = {Proceedings of the 18th Australia conference on Computer-Human Interaction: Design: Activities, Artefacts and Environments (OZCHI '06)},
		pages			= {135-142},
		month			= {November},
    year      = {2006},
    isbn      = {1-59593-545-2},
		publisher	= {ACM}
}

@inproceedings{MuseumGuideSystems,
    author    = {Li-Der Chou and Chia-Hsieh Wu and Shih-Pang Ho and Chen-Chow Lee and Jui-Ming Chen},
    title     = {{Requirement Analysis and Implementation of Palm-Based Multimedia Museum Guide Systems}},
    booktitle = {Proceedings of the 18th International Conference on Advanced Information Networking and Application (AINA'04)},
    year      = {2004},
    isbn      = {0-7695-2051-0/04}
}

%-----------------------------------------------------------------------------

@book{DesigningTheUI,
		author		= {Ben Shneiderman},
		title			= {{Designing the user interface: strategies for effective human-computer interaction}},
		publisher	= {Addison-Wesley},
		edition		= {3rd},
		year			= {1998},
		pages			= {51-94},
		isbn			= {0-201-69497-2}
}

@inproceedings{PutThatThereUI,
    author    = {Richard A. Bolt},
    title     = {{Requirement Analysis and Implementation of Palm-Based Multimedia Museum Guide Systems}},
    booktitle = {SIGGRAPH '80 Proceedings of the 7th annual conference on Computer graphics and interactive techniques},
		publisher = {ACM},
		pages			= {262-270},
    year      = {1980},
    isbn      = {0-89791-021-4}
}

@misc{AzadMultiUI,
		author		= {Alec Azad and Jaime Ruiz and Mark Hancock and Edward Lank},
		title			= {{Group Behaviours around Public Displays}},
		year			= {2011}
}

@inproceedings{TangibleUI,
    author    = {Brygg Ullmer and Hiroshi Ishii and Robert J. K. Jacob},
    title     = {{Token+constraint systems for tangible interaction with digital information}},
    booktitle = {ACM Transactions on Computer-Human Interaction (TOCHI)},
		publisher = {ACM},
		pages			= {81-118},
    year      = {2005},
		month			= {March},
		volume		= {12},
		issue			= {1},
		doi				= {10.1145/1057237.1057242}
}

@inproceedings{PublicUI,
    author    = {Eva Hornecker and Patrick Tobias Fischer},
    title     = {{Interaktion in öffentlichen Räumen}},
    booktitle = {Informatik Spektrum},
		publisher = {Springer-Verlag},
		pages			= {440-444},
    year      = {2014},
		month			= {October},
		volume		= {5},
}

@inproceedings{PointingDevicesVR,
    author    = {Ferran Argelaguet and Andr\'{e} Kunert and Alexander Kulik and Bernd Fr\"ohlich},
    title     = {{Improving co-located collaboration with show-through techniques}},
    booktitle = {2010 IEEE Symposium on 3D User Interfaces},
		publisher = {IEEE},
		pages			= {55-62},
    year      = {2010},
		month			= {March},
		isbn			= {978-1-4244-6844-7}
}

@misc{GestureInteraction,
	author			= {Maria Karam and M. C. Schraefel},
	title				= {{A Taxonomy of Gestures in Human Computer Interaction}},
    year      = {2005},
		month			= {August},
		isbn			= {0854328335}
}

@article{ForewordCnG,
    author    = {Frank Steinicke and Daniel Keefe and Antonio Kr\"uger and Jean-Baptiste de la Rivi\`{e}re and Hrvoje Benko},
    title     = {{Foreword to the special section on touching the 3rd dimension}},
    journal   = {Computers \& Graphics},
    volume    = {37},
    issue    	= {3},
		month			= {May},
    year      = {2013},
    pages     = {A1-A2}
}

@article{FreehandSelectionCnG,
    author    = {Gang Ren and Eamonn O'Neill},
    title     = {{3D selection with freehand gesture}},
    journal   = {Computers \& Graphics},
    volume    = {37},
    issue    	= {3},
		month			= {May},
    year      = {2013},
    pages     = {101-120}
}

@article{VRObjectSelectionCnG,
    author    = {Ferran Argelaguet and Carlos Andujar},
    title     = {{A survey of 3D object selection techniques for virtual environments}},
    journal   = {Computers \& Graphics},
    volume    = {37},
    issue    	= {3},
		month			= {May},
    year      = {2013},
    pages     = {121-136}
}

@inproceedings{CrossingBasedInterfaces,
    author    = {Johnny Accot and Shumin Zhai},
    title     = {{More than dotting the i's - foundations for crossing-based interfaces}},
    booktitle = {Proceedings of the SIGCHI Conference on Human Factors in Computing Systems (CHI '02)},
		publisher = {ACM},
		pages			= {73-80},
    year      = {2002},
		month			= {April},
		volume		= {4},
		isbn			= {1-58113-453-3}
}

%-----------------------------------------------------------------------------

@inproceedings{DataCube,
		author		= {Steffen Hirte and Eugen Schubert and Andreas Seifert and Stephan Baumann and Daniel Klan and Kai-Uwe Sattler},
		title			= {{Data{$^3$} - A Kinect Interface for OLAP using Complex Event Processing}},
		booktitle	= {28th International Conference on Data Engineering (ICDE 2012)},
		publisher	= {IEEE},
		pages			= {1297-1300},
		year			= {2012},
		month			= {April},
		isbn			= {978-1-4673-0042-1}
}

@article{Kinoogle,
		author			= {Maged N. Kamel Boulos and Bryan J. Blanchard and Cory Walker and Julio Montero and Aalap Tripathy and Ricardo Gutierrez-Osuna},
		title				= {{Web GIS in practice X: a Microsoft Kinect natural user interface for Google Earth navigation}},  
		journal			= {International journal of health geographics},
		publisher		= {BioMed Central Ltd.},
		volume			= {10},
		number			= {1},
		pages				= {45-57},
		year				= {2011}
}

@inproceedings{KinectCAVE,
		author			= {Thomas Jung and Stephan Krohn and Peter Schmidt},
		title				= {{Ein Natural User Interface zur Interaktion in einem Cave Automatic Virtual Environment basierend auf optischem Tracking}},
    booktitle		= {Proc Workshop 3D-NordOst},
		pages				= {93-102},
		year				= {2011}
}

%-----------------------------------------------------------------------------

@inproceedings{SMSlingshot,
    author    = {Patrick Tobias Fischer and Eva Hornecker and Christian Zoellner},
    title     = {{SMSlingshot: An Expert Amateur DIY Case Study}},
    booktitle = {Proceedings of the 7th International Conference on Tangible, Embedded and Bembodied Interaction (TEI '13)},
		publisher = {ACM},
		pages			= {9-16},
    year      = {2013},
		month			= {Februar},
		isbn			= {978-1-4503-1898-3}	
}

@inproceedings{UrbanHCI,
    author    = {Patrick Tobias Fischer and Eva Hornecker},
    title     = {{Urban HCI: Spatial Aspects in the Design of Shared Encounters for Media Facades}},
    booktitle = {Proceedings of the SIGCHI Conference on Human Factors in Computing Systems (CHI '12)},
		publisher = {ACM},
		pages			= {307-316},
    year      = {2012},
		month			= {May},
		isbn			= {978-1-4503-1015-4}	
}

%-----------------------------------------------------------------------------
 
@inproceedings{InteractiveMuseumExhibits,
    author    = {Guillermo Fern\'{a}ndez and Montserrat Benlloch},
    title     = {{Interactive exhibits: how visitors respond}},
    booktitle = {Museum International (UNESCO, Paris)},
		publisher = {Blackwell Publishers},
		pages			= {440-444},
    year      = {2000},
		month			= {October},
		volume		= {52}	
}

%-----------------------------------------------------------------------------

@online{SpiderKitGHI,
	author	= {GHI, electronics},
	title		= {{FEZ Spider Starter Kit}},
	month		= {November},
	year		= {2014},
	howpublished = {\url{https://www.ghielectronics.com/catalog/product/297}}
}

@online{RFIDreaderGHI,
	author	= {GHI, electronics},
	title		= {{RFID Reader Module}},
	month		= {November},
	year		= {2014},
	howpublished = {\url{https://www.ghielectronics.com/catalog/product/366}}
}

@online{PotentiometerGHI,
	author	= {GHI, electronics},
	title		= {{Potentiometer Module}},
	month		= {November},
	year		= {2014},
	howpublished = {\url{https://www.ghielectronics.com/catalog/product/275}}
}

@online{BreakoutGHI,
	author	= {GHI, electronics},
	title		= {{5x Breakout Module Set}},
	month		= {November},
	year		= {2014},
	howpublished = {\url{https://www.ghielectronics.com/catalog/product/405}}
}

@online{RFIDtransponder,
	author	= {I-KEYS},
	title		= {{RFID-Transponder 125kHz}},
	month		= {November},
	year		= {2014},
	howpublished = {\url{http://www.i-keys.de/de/Transponder/125-khz.html}}
}

@online{Eee1215B,
	author	= {ASUSTeK Computer Inc.},
	title		= {{Eee PC 1215B}},
	month		= {November},
	year		= {2014},
	howpublished = {\url{http://www.asus.com/Notebooks_Ultrabooks/Eee_PC_1215B/}}
}

@online{VivoPCVC60,
	author	= {ASUSTeK Computer Inc.},
	title		= {{VivoPC VC60}},
	month		= {November},
	year		= {2014},
	howpublished = {\url{http://www.asus.com/Commercial_Desktops/VivoPC_VC60/}}
}

@online{MB168B,
	author	= {ASUSTeK Computer Inc.},
	title		= {{MB168B+}},
	month		= {November},
	year		= {2014},
	howpublished = {\url{http://www.asus.com/de/Monitors_Projectors/MB168BPlus/}}
}

@online{XtionPRO,
	author	= {ASUSTeK Computer Inc.},
	title		= {{Xtion PRO}},
	month		= {November},
	year		= {2014},
	howpublished = {\url{http://www.asus.com/de/Multimedia/Xtion_PRO/}}
}

@online{MSNET,
	author	= {Microsoft},
	title		= {{Microsoft .NET Framework 4.5.1 (Offlineinstaller) für Windows Vista SP2, Windows 7 SP1, Windows 8, Windows Server 2008 SP2 Windows Server 2008 R2 SP1 und Windows Server 2012}},
	month		= {November},
	year		= {2014},
	howpublished = {\url{http://www.microsoft.com/de-de/download/details.aspx?id=40779}}
}

@online{MSXNA,
	author	= {Microsoft},
	title		= {{Microsoft XNA Framework Redistributable 4.0}},
	month		= {November},
	year		= {2014},
	howpublished = {\url{http://www.microsoft.com/en-us/download/details.aspx?id=20914}}
}

@online{OpenNI,
	author	= {OpenNI},
	title		= {{OPENNI SDK}},
	month		= {November},
	year		= {2014},
	howpublished = {\url{http://www.openni.ru/openni-sdk/index.html}}
}

@online{NiTE,
	author	= {OpenNI},
	title		= {{NITE 2.2.0.11}},
	month		= {November},
	year		= {2014},
	howpublished = {\url{http://www.openni.ru/files/nite/index.html}}
}

%-----------------------------------------------------------------------------

@online{PDLC,
	author			= {IRISFILM},
	title				= {{The Introduction of Polymer Dispersed Liquid Crystal Switchable Film, Specification, and Optical Testing Data}},
	month				= {November},
	year				= {2014},
	howpublished = {\url{http://www.irisfilm.com.tw/upload/newsfile/wkc0mynr20120922011639.pdf}},
	publisher		= {IRISFILM Corp.}	
}

%-----------------------------------------------------------------------------

@inproceedings{EyeHandMissmatchVR,
    author    = {Ferran Argelaguet and Carlos Andujar and Ramon Trueba},
    title     = {{Overcoming Eye-Hand visibility Missmatch in 3D Pointing Selection}},
    booktitle = {Proceedings of the 2008 ACM symposium on Virtual reality software and technology (VVRST '08)},
		publisher = {ACM},
		pages			= {43-46},
    year      = {2008},
		month			= {October},
		isbn			= {978-1-59593-951-7}
}

%-----------------------------------------------------------------------------

@book{SehwinkelLesbarkeit,
   author    = {Jeremy E. Wolfe and Keith R. Kluender and Dennis M. Levi},
   title     = {{Sensation and Perception}},
   publisher = {Sinauer Associates, Inc.},
   year      = {2012},
	 pages	   = {57-59},
   isbn      = {0-87893-572-X},
}

@inproceedings{Lesegeschwindigkeit,
    author    = {J. Musch and P. R\"osler},
    title     = {{Schnell-Lesen: Was ist die Grenze der menschlichen Lesegeschwindigkeit?}},
    booktitle = {Kognitive Leistungen: Intelligenz und Mentale Fähigkeiten im Spiegel Der Neurowissenschaften},
		publisher	= {Spektrum Verlag},
    year      = {2011},
    pages     = {89-106},
}

@online{Wortlaenge,
	author	= {Duden},
	title		= {{Durchschnittliche L\"ange eines deutschen Wortes}},
	month		= {September},
	year		= {2014},
	howpublished = {\url{http://www.duden.de/sprachwissen/sprachratgeber/durchschnittliche-laenge-eines-deutschen-wortes}}
}

%-----------------------------------------------------------------------------

@online{MaxUsersOpenNI,
	author	= {DIABLODALE},
	title		= {{jit.openni maximum user trackable … HELP!}},
	month		= {December},
	year		= {2014},
	howpublished = {\url{https://cycling74.com/forums/topic/jit-openni-maximum-user-trackable-help/}}
}

%-----------------------------------------------------------------------------

@online{PedalPoint,
	author	= {Ina de Brabandt},
	title		= {{Abstand windschiefer Geraden: Formel}},
	month		= {December},
	year		= {2014},
	howpublished = {\url{http://www.ina-de-brabandt.de/vektoren/a/abstand-gerade-ws-formel.html}}
}

@online{VectorPlaneIntersect,
	author	= {Dan Sunday},
	title		= {{Intersections of Lines and Planes}},
	month		= {December},
	year		= {2014},
	howpublished = {\url{http://geomalgorithms.com/a05-_intersect-1.html}}
}

%-----------------------------------------------------------------------------

@online{BluetoothGHI,
	author	= {GHI, electronics},
	title		= {{Bluetooth Module}},
	month		= {November},
	year		= {2014},
	howpublished = {\url{https://www.ghielectronics.com/catalog/product/312}}
}

@online{RemoteBluetooth,
	author	= {Marco Minerva and Michael Dodaro},
	title		= {{Controlling a Gadgeteer device using Bluetooth Module and 32feet.NET library}},
	month		= {November},
	year		= {2014},
	howpublished = {\url{http://mikedodaro.net/2012/04/21/controlling-a-gadgeteer-device-using-bluetooth-module-and-32feet-net-library}}
}

@online{WiFiGHI,
	author	= {GHI, electronics},
	title		= {{WiFi RS21 Module}},
	month		= {November},
	year		= {2014},
	howpublished = {\url{https://www.ghielectronics.com/catalog/product/282}}
}

@online{RemoteWiFi,
	author	= {Marco Minerva and Michael Dodaro},
	title		= {{Wi-Fi Gadgeteer Robot controlled by Windows Phone with image streaming}},
	month		= {November},
	year		= {2014},
	howpublished = {\url{http://mikedodaro.net/2012/07/10/wi-fi-gadgeteer-robot-controlled-by-windows-phone-with-image-streaming}}
}

%-----------------------------------------------------------------------------

@book{GroundedTheory,
  author    = {Jonathan Lazar and Jinjuan Heidi Feng and Harry Hochheiser},
  title     = {{Research Methods in Human-Computer Interaction}},
  publisher = {John Wiley and Sons, Ltd.},
  year      = {2010},
	month		  = {May},
	pages	   	= {281-306},
  isbn      = {978-0-470-72337-1},
}

@incollection{Engagement,
  author		= {Haywood, Naomi and Cairns, Paul},
  title			= {Engagement with an interactive museum exhibit},
  booktitle	= {People and Computers XIX—The Bigger Picture},
  pages			= {113 - 129},
  year			= {2006},
  publisher	= {Springer}
}

%-----------------------------------------------------------------------------

@online{SUStest,
	author	= {Josephine Grauert and Thorsten Sebastian and Xaver Fischer},
	title		= {{System Usability Scale - (SUS)}},
	month		= {November},
	year		= {2014},
	howpublished = {\url{http://www.uselab.tu-berlin.de/wiki/index.php/System_Usability_Scale_-_%28SUS%29}}
}

@online{SUSdeu,
	author	= {Matthias Rauer},
	title		= {{Quantitative Usablility-Analysen mit der System Usability Scale (SUS)}},
	month		= {November},
	year		= {2014},
	howpublished = {\url{https://blog.seibert-media.net/blog/2011/04/11/usablility-analysen-system-usability-scale-sus/}}
}
